@misc{ModelingSystemStates,
  author = {Karl Wiegers},
  title = {Modeling System States: State-Transition Diagrams and State Tables},
  url = {\https://medium.com/analysts-corner/modeling-system-states-state-transition-diagrams-and-state-tables-d37fe908ff23},
  year = {2023}
}

@misc{StateTransition,
  author = {Rahmat Ullah Orakzai},
  title = {Software Testing: State Transition},
  url = {https://www.baeldung.com/cs/software-testing-state-transition},
  year = {2023}
}

@misc{StateTestingExample,
  author = {Thomas Hamilton },
  title = {State Transition Testing â€“ Diagram & Technique (Example)},
  url = {https://www.guru99.com/state-transition-testing.html},
  year = {2023}
}

@misc{SoftwareTesting,
  title = {State Transition Testing Technique and State Transition Diagram with Examples},
  url = {	https://www.softwaretestinghelp.com/state-transition-testing-technique-for-testing-complex-applications/},
  year = {2023}
}

@INPROCEEDINGS{StateTesting,
  author={Kalaji, Abdul Salam and Hierons, Robert Mark and Swift, Stephen},
  booktitle={2009 International Conference on Software Testing Verification and Validation}, 
  title={Generating Feasible Transition Paths for Testing from an Extended Finite State Machine (EFSM)}, 
  year={2009},
  volume={},
  number={},
  pages={230-239},
  doi={10.1109/ICST.2009.29}}


